 @online{british2014,
  author = {BP},
  title = {2014 in review},
  year = 2014,
   url = {http://www.bp.com/en/global/corporate/energy-economics/statistical-review-of-world-energy/2014-in-review.html},
  urldate = {2015-10-11}
}

@inproceedings{fogg1997captology,
  title={Captology: the study of computers as persuasive technologies},
  author={Fogg, BJ},
  booktitle={CHI'97 Extended Abstracts on Human Factors in Computing Systems},
  pages={129--129},
  year={1997},
  organization={ACM}
}

@article{fogg2002persuasive,
  title={Persuasive technology: using computers to change what we think and do},
  author={Fogg, Brian J},
  journal={Ubiquity},
  volume={2002},
  number={December},
  pages={5},
  year={2002},
  publisher={ACM}
}

@article{brundtlandworld,
  title={World commission on environment and development.(1987)},
  author={Brundtland Commission and others},
  journal={Our common future}
}

@book{joule1987petit,
  title={Petit trait{\'e} de manipulation {\`a} l'usage des honn{\^e}tes gens},
  author={Joule, Robert-Vincent and Beauvois, Jean-L{\'e}on and Deschamps, Jean Claude},
  year={1987},
  publisher={Presses universitaires de Grenoble Grenoble}
}

@article{lewin1952group,
  title={Group decision and social change},
  author={Lewin K},
  journal={G. Swanson, T. Newcomb , & E. Hartley (eds)},
  number={December},
  pages={459-473},
  year={1952},
  publisher={New York: Henry Holt}
}

@article{shaer2010tangible,
  title={Tangible user interfaces: past, present, and future directions},
  author={Shaer, Orit and Hornecker, Eva},
  journal={Foundations and Trends in Human-Computer Interaction},
  volume={3},
  number={1--2},
  pages={1--137},
  year={2010},
  publisher={Now Publishers Inc.}
}

@article{wellner1993back,
  title={Back to the real world},
  author={Wellner, Pierre and Mackay, Wendy and Gold, Rich},
  journal={Communications of the ACM},
  volume={36},
  number={7},
  pages={24--26},
  year={1993},
  publisher={ACM}
}

@inproceedings{fitzmaurice1995bricks,
  title={Bricks: laying the foundations for graspable user interfaces},
  author={Fitzmaurice, George W and Ishii, Hiroshi and Buxton, William AS},
  booktitle={Proceedings of the SIGCHI conference on Human factors in computing systems},
  pages={442--449},
  year={1995},
  organization={ACM Press/Addison-Wesley Publishing Co.}
}

@inproceedings{ishii1997tangible,
  title={Tangible bits: towards seamless interfaces between people, bits and atoms},
  author={Ishii, Hiroshi and Ullmer, Brygg},
  booktitle={Proceedings of the ACM SIGCHI Conference on Human factors in computing systems},
  pages={234--241},
  year={1997},
  organization={ACM}
}

@inproceedings{lee2004immersive,
  title={Immersive authoring of tangible augmented reality applications},
  author={Lee, Gun A and Nelles, Claudia and Billinghurst, Mark and Kim, Gerard Jounghyun},
  booktitle={Proceedings of the 3rd IEEE/ACM international Symposium on Mixed and Augmented Reality},
  pages={172--181},
  year={2004},
  organization={IEEE Computer Society}
}

@inproceedings{zhou2004interactive,
  title={Interactive entertainment systems using tangible cubes},
  author={Zhou, ZhiYing and Cheok, Adrian David and Chan, TingTing and Pan, Jiun Horng and Li, Yu},
  booktitle={IE2004: Proceedings of the First Australian Workshop on Interactive Entertainment},
  pages={19},
  year={2004}
}

@inproceedings{jorda2007reactable,
  title={The reacTable: exploring the synergy between live music performance and tabletop tangible interfaces},
  author={Jord{\`a}, Sergi and Geiger, G{\"u}nter and Alonso, Marcos and Kaltenbrunner, Martin},
  booktitle={Proceedings of the 1st international conference on Tangible and embedded interaction},
  pages={139--146},
  year={2007},
  organization={ACM}
}

@article{greenberg1999using,
  title={Using digital but physical surrogates to mediate awareness, communication and privacy in media spaces},
  author={Greenberg, Saul and Kuzuoka, Hideaki},
  journal={Personal Technologies},
  volume={3},
  number={4},
  pages={182--198},
  year={1999},
  publisher={Springer}
}

@inproceedings{edge2009peripheral,
  title={Peripheral tangible interaction by analytic design},
  author={Edge, Darren and Blackwell, Alan F},
  booktitle={Proceedings of the 3rd International Conference on Tangible and Embedded Interaction},
  pages={69--76},
  year={2009},
  organization={ACM}
}

@article{fishkin2000embodied,
  title={Embodied user interfaces for really direct manipulation},
  author={Fishkin, Kenneth P and Gujar, Anuj and Harrison, Beverly L and Moran, Thomas P and Want, Roy},
  journal={Communications of the ACM},
  volume={43},
  number={9},
  pages={74--80},
  year={2000},
  publisher={ACM}
}

@misc{vigotsky1978mind,
  title={Mind in society},
  author={Vigotsky, Lew and others},
  year={1978},
  publisher={Cambridge, MA: Harvard University Press}
}

@article{festinger1954theory,
  title={A theory of social comparison processes},
  author={Festinger, Leon},
  journal={Human relations},
  volume={7},
  number={2},
  pages={117--140},
  year={1954}
}
@article{perlman1976using,
  title={Using computer technology to provide a creative learning environment for preschool children},
  author={Perlman, Radia},
  year={1976}
}

@article{mcnerney2004turtles,
  title={From turtles to Tangible Programming Bricks: explorations in physical language design},
  author={McNerney, Timothy S},
  journal={Personal and Ubiquitous Computing},
  volume={8},
  number={5},
  pages={326--337},
  year={2004},
  publisher={Springer}
}

@article{dourish2004action,
  title={Where the action is},
  author={Dourish, Paul},
  year={2004},
  publisher={MIT press}
}

@inproceedings{jacob2008reality,
  title={Reality-based interaction: a framework for post-WIMP interfaces},
  author={Jacob, Robert JK and Girouard, Audrey and Hirshfield, Leanne M and Horn, Michael S and Shaer, Orit and Solovey, Erin Treacy and Zigelbaum, Jamie},
  booktitle={Proceedings of the SIGCHI conference on Human factors in computing systems},
  pages={201--210},
  year={2008},
  organization={ACM}
}

@inproceedings{zufferey2009tinkersheets,
  title={TinkerSheets: using paper forms to control and visualize tangible simulations},
  author={Zufferey, Guillaume and Jermann, Patrick and Lucchi, Aur{\'e}lien and Dillenbourg, Pierre},
  booktitle={Proceedings of the 3rd international Conference on Tangible and Embedded interaction},
  pages={377--384},
  year={2009},
  organization={ACM}
}

@inproceedings{underkoffler1998illuminating,
  title={Illuminating light: An optical design tool with a luminous-tangible interface},
  author={Underkoffler, John and Ishii, Hiroshi},
  booktitle={Proceedings of the SIGCHI conference on Human factors in computing systems},
  pages={542--549},
  year={1998},
  organization={ACM Press/Addison-Wesley Publishing Co.}
}

@inproceedings{frei2000curlybot,
  title={Curlybot: designing a new class of computational toys},
  author={Frei, Phil and Su, Victor and Mikhak, Bakhtiar and Ishii, Hiroshi},
  booktitle={Proceedings of the SIGCHI conference on Human factors in computing systems},
  pages={129--136},
  year={2000},
  organization={ACM}
}

@inproceedings{raffle2004topobo,
  title={Topobo: a constructive assembly system with kinetic memory},
  author={Raffle, Hayes Solos and Parkes, Amanda J and Ishii, Hiroshi},
  booktitle={Proceedings of the SIGCHI conference on Human factors in computing systems},
  pages={647--654},
  year={2004},
  organization={ACM}
}

@article{ullmer2005token,
  title={Token+ constraint systems for tangible interaction with digital information},
  author={Ullmer, Brygg and Ishii, Hiroshi and Jacob, Robert JK},
  journal={ACM Transactions on Computer-Human Interaction (TOCHI)},
  volume={12},
  number={1},
  pages={81--118},
  year={2005},
  publisher={ACM}
}

@inproceedings{underkoffler1999urp,
  title={Urp: a luminous-tangible workbench for urban planning and design},
  author={Underkoffler, John and Ishii, Hiroshi},
  booktitle={Proceedings of the SIGCHI conference on Human Factors in Computing Systems},
  pages={386--393},
  year={1999},
  organization={ACM}
}

@article{ishii2008tangible,
  title={The tangible user interface and its evolution},
  author={Ishii, Hiroshi},
  journal={Communications of the ACM},
  volume={51},
  number={6},
  pages={32--36},
  year={2008},
  publisher={ACM}
}

@inproceedings{patten2007mechanical,
  title={Mechanical constraints as computational constraints in tabletop tangible interfaces},
  author={Patten, James and Ishii, Hiroshi},
  booktitle={Proceedings of the SIGCHI conference on Human factors in computing systems},
  pages={809--818},
  year={2007},
  organization={ACM}
}

@book{goldin2005hearing,
  title={Hearing gesture: How our hands help us think},
  author={Goldin-Meadow, Susan},
  year={2005},
  publisher={Harvard University Press}
}

@inproceedings{jacob2002tangible,
  title={A tangible interface for organizing information using a grid},
  author={Jacob, Robert JK and Ishii, Hiroshi and Pangaro, Gian and Patten, James},
  booktitle={Proceedings of the SIGCHI Conference on Human Factors in Computing Systems},
  pages={339--346},
  year={2002},
  organization={ACM}
}

@inproceedings{hinckley1994passive,
  title={Passive real-world interface props for neurosurgical visualization},
  author={Hinckley, Ken and Pausch, Randy and Goble, John C and Kassell, Neal F},
  booktitle={Proceedings of the SIGCHI conference on Human factors in computing systems},
  pages={452--458},
  year={1994},
  organization={ACM}
}

@inproceedings{couture2008geotui,
  title={GeoTUI: a tangible user interface for geoscience},
  author={Couture, Nadine and Rivi{\`e}re, Guillaume and Reuter, Patrick},
  booktitle={Proceedings of the 2nd international conference on Tangible and embedded interaction},
  pages={89--96},
  year={2008},
  organization={ACM}
}

@inproceedings{suzuki1995interaction,
  title={Interaction-level support for collaborative learning: AlgoBlockâ€”an open programming language},
  author={Suzuki, Hideyuki and Kato, Hiroshi},
  booktitle={The first international conference on Computer support for collaborative learning},
  pages={349--355},
  year={1995},
  organization={L. Erlbaum Associates Inc.}
}

@inproceedings{horn2008tangible,
  title={Tangible programming and informal science learning: making TUIs work for museums},
  author={Horn, Michael S and Solovey, Erin Treacy and Jacob, Robert JK},
  booktitle={Proceedings of the 7th international conference on Interaction design and children},
  pages={194--201},
  year={2008},
  organization={ACM}
}

@inproceedings{zigelbaum2007tangible,
  title={The tangible video editor: collaborative video editing with active tokens},
  author={Zigelbaum, Jamie and Horn, Michael S and Shaer, Orit and Jacob, Robert JK},
  booktitle={Proceedings of the 1st international conference on Tangible and embedded interaction},
  pages={43--46},
  year={2007},
  organization={ACM}
}

@inproceedings{ryokai2004brush,
  title={I/O brush: drawing with everyday objects as ink},
  author={Ryokai, Kimiko and Marti, Stefan and Ishii, Hiroshi},
  booktitle={Proceedings of the SIGCHI conference on Human factors in computing systems},
  pages={303--310},
  year={2004},
  organization={ACM}
}

@article{jorda2008stage,
  title={On stage: the reactable and other musical tangibles go real},
  author={Jord{\`a}, Sergi},
  journal={International Journal of Arts and Technology},
  volume={1},
  number={3-4},
  pages={268--287},
  year={2008},
  publisher={Inderscience Publishers}
}

@inproceedings{patten2002audiopad,
  title={Audiopad: a tag-based interface for musical performance},
  author={Patten, James and Recht, Ben and Ishii, Hiroshi},
  booktitle={Proceedings of the 2002 conference on New interfaces for musical expression},
  pages={1--6},
  year={2002},
  organization={National University of Singapore}
}

@inproceedings{newton2003block,
  title={Block jam: a tangible interface for interactive music},
  author={Newton-Dunn, Henry and Nakano, Hiroaki and Gibson, James},
  booktitle={Proceedings of the 2003 conference on New interfaces for musical expression},
  pages={170--177},
  year={2003},
  organization={National University of Singapore}
}

@inproceedings{schiettecatte2008audiocubes,
  title={AudioCubes: a distributed cube tangible interface based on interaction range for sound design},
  author={Schiettecatte, Bert and Vanderdonckt, Jean},
  booktitle={Proceedings of the 2nd international conference on Tangible and embedded interaction},
  pages={3--10},
  year={2008},
  organization={ACM}
}

@inproceedings{chang2001lumitouch,
  title={LumiTouch: an emotional communication device},
  author={Chang, Angela and Resner, Ben and Koerner, Brad and Wang, XingChen and Ishii, Hiroshi},
  booktitle={CHI'01 extended abstracts on Human factors in computing systems},
  pages={313--314},
  year={2001},
  organization={ACM}
}

@inproceedings{werner2008united,
  title={United-pulse: feeling your partner's pulse},
  author={Werner, Julia and Wettach, Reto and Hornecker, Eva},
  booktitle={Proceedings of the 10th international conference on Human computer interaction with mobile devices and services},
  pages={535--538},
  year={2008},
  organization={ACM}
}

@article{ernevi2005interactive,
  title={The Interactive Pillows},
  author={Ernevi, A and Redstr{\"o}m, J and Redstr{\"o}m, M and Worbin, L},
  journal={IT+ Textiles},
  pages={47--54},
  year={2005}
}

@article{ullmer2000emerging,
  title={Emerging frameworks for tangible user interfaces},
  author={Ullmer, Brygg and Ishii, Hiroshi},
  journal={IBM systems journal},
  volume={39},
  number={3.4},
  pages={915--931},
  year={2000},
  publisher={IBM}
}

@book{gibson2014ecological,
  title={The Ecological Approach to Visual Perception: Classic Edition},
  author={Gibson, James J},
  year={2014},
  publisher={Psychology Press}
}

@book{norman1988psychology,
  title={The psychology of everyday things},
  author={Norman, Donald A},
  year={1988},
  publisher={Basic books}
}

@inproceedings{djajadiningrat2002but,
  title={But how, Donald, tell us how?: on the creation of meaning in interaction design through feedforward and inherent feedback},
  author={Djajadiningrat, Tom and Overbeeke, Kees and Wensveen, Stephan},
  booktitle={Proceedings of the 4th conference on Designing interactive systems: processes, practices, methods, and techniques},
  pages={285--291},
  year={2002},
  organization={ACM}
}

@article{burks1960collected,
  title={Collected Papers of Charles Sanders Peirce, Volumes VII and VIII},
  author={Burks, Arthur W},
  year={1960}
}

@inproceedings{klemmer2006bodies,
  title={How bodies matter: five themes for interaction design},
  author={Klemmer, Scott R and Hartmann, Bj{\"o}rn and Takayama, Leila},
  booktitle={Proceedings of the 6th conference on Designing Interactive systems},
  pages={140--149},
  year={2006},
  organization={ACM}
}

@book{turkle2011evocative,
  title={Evocative objects: Things we think with},
  author={Turkle, Sherry},
  year={2011},
  publisher={MIT press}
}
*
@article{alibali2000gesture,
  title={Gesture and the process of speech production: We think, therefore we gesture},
  author={Alibali, Martha W and Kita, Sotaro and Young, Amanda J},
  journal={Language and cognitive processes},
  volume={15},
  number={6},
  pages={593--613},
  year={2000},
  publisher={Taylor \& Francis}
}

@article{kirsh1994distinguishing,
  title={On distinguishing epistemic from pragmatic action},
  author={Kirsh, David and Maglio, Paul},
  journal={Cognitive science},
  volume={18},
  number={4},
  pages={513--549},
  year={1994},
  publisher={Wiley Online Library}
}

@article{zhang1997nature,
  title={The nature of external representations in problem solving},
  author={Zhang, Jiajie},
  journal={Cognitive science},
  volume={21},
  number={2},
  pages={179--217},
  year={1997},
  publisher={Elsevier}
}

@inproceedings{bellotti2002making,
  title={Making sense of sensing systems: five questions for designers and researchers},
  author={Bellotti, Victoria and Back, Maribeth and Edwards, W Keith and Grinter, Rebecca E and Henderson, Austin and Lopes, Cristina},
  booktitle={Proceedings of the SIGCHI conference on Human factors in computing systems},
  pages={415--422},
  year={2002},
  organization={ACM}
}

@inproceedings{poupyrev2007actuation,
  title={Actuation and tangible user interfaces: the Vaucanson duck, robots, and shape displays},
  author={Poupyrev, Ivan and Nashida, Tatsushi and Okabe, Makoto},
  booktitle={Proceedings of the 1st international conference on Tangible and embedded interaction},
  pages={205--212},
  year={2007},
  organization={ACM}
}

@book{fischer2011decoupling,
  title={Decoupling: natural resource use and environmental impacts from economic growth},
  author={Fischer-Kowalski, Marina and Swilling, Mark},
  year={2011},
  publisher={United Nations Environment Programme}
}

@inproceedings{gustafsson2005power,
  title={The power-aware cord: energy awareness through ambient information display},
  author={Gustafsson, Anton and Gyllensw{\"a}rd, Magnus},
  booktitle={CHI'05 extended abstracts on Human factors in computing systems},
  pages={1423--1426},
  year={2005},
  organization={ACM}
}

@article{evans2009artful,
  title={Artful media: Nuage vert},
  author={Evans, Helen and Hansen, Heiko and Hagedorn, Joey},
  journal={MultiMedia, IEEE},
  volume={16},
  number={3},
  pages={13--15},
  year={2009},
  publisher={IEEE}
}

@misc{kyoto2005wattson,
  title={Wattson},
  author={Kyoto, DIY and KYOTO, DIY},
  year={2005}
}

@book{toledo2012guide,
  title={Guide international du comptage intelligent},
  author={Toledo, F.},
  isbn={9782743014278},
  series={Collection EDF R\&D},
  url={https://books.google.fr/books?id=rW1gMwEACAAJ},
  year={2012},
  publisher={{\'E}d. Tec \& doc-Lavoisier}
}

@inproceedings{blevis2007sustainable,
  title={Sustainable interaction design: invention \& disposal, renewal \& reuse},
  author={Blevis, Eli},
  booktitle={Proceedings of the SIGCHI conference on Human factors in computing systems},
  pages={503--512},
  year={2007},
  organization={ACM}
}

@inproceedings{tausch2014groupgarden,
  title={Groupgarden: supporting brainstorming through a metaphorical group mirror on table or wall},
  author={Tausch, Sarah and Hausen, Doris and Kosan, Ismail and Raltchev, Andrey and Hussmann, Heinrich},
  booktitle={Proceedings of the 8th Nordic Conference on Human-Computer Interaction: Fun, Fast, Foundational},
  pages={541--550},
  year={2014},
  organization={ACM}
}
@article{blevis2006advancing,
  title={Advancing sustainable interaction design: two perspectives on material effects},
  author={Blevis, Eli},
  journal={Design philosophy papers},
  volume={4},
  number={4},
  pages={209--230},
  year={2006},
  publisher={Taylor \& Francis}
}
@inproceedings{mankoff2007environmental,
  title={Environmental sustainability and interaction},
  author={Mankoff, Jennifer C and Blevis, Eli and Borning, Alan and Friedman, Batya and Fussell, Susan R and Hasbrouck, Jay and Woodruff, Allison and Sengers, Phoebe},
  booktitle={CHI'07 extended abstracts on Human factors in computing systems},
  pages={2121--2124},
  year={2007},
  organization={ACM}
}

@inproceedings{disalvo2010mapping,
  title={Mapping the landscape of sustainable HCI},
  author={DiSalvo, Carl and Sengers, Phoebe and Brynjarsd{\'o}ttir, Hr{\"o}nn},
  booktitle={Proceedings of the SIGCHI Conference on Human Factors in Computing Systems},
  pages={1975--1984},
  year={2010},
  organization={ACM}
}

@incollection{bang2006powerhhouse,
  title={The powerhhouse: A persuasive computer game designed to raise awareness of domestic energy consumption},
  author={Bang, Magnus and Torstensson, Carin and Katzeff, Cecilia},
  booktitle={Persuasive Technology},
  pages={123--132},
  year={2006},
  publisher={Springer}
}

@inproceedings{bonanni2005smart,
  title={Smart sinks: real-world opportunities for context-aware interaction},
  author={Bonanni, Leonardo and Arroyo, Ernesto and Lee, Chia-Hsun and Selker, Ted},
  booktitle={CHI'05 Extended Abstracts on Human Factors in Computing Systems},
  pages={1232--1235},
  year={2005},
  organization={ACM}
}

@article{huang2009understanding,
  title={Understanding mobile phone situated sustainability: the influence of local constraints and practices on transferability},
  author={Huang, Elaine M and Yatani, Koji and Truong, Khai N and Kientz, Julie A and Patel, Shwetak N},
  journal={IEEE Pervasive Computing},
  number={1},
  pages={46--53},
  year={2009},
  publisher={IEEE}
}

@article{ilic2009using,
  title={Using sensor information to reduce the carbon footprint of perishable goods},
  author={Ilic, Alexander and Staake, Thorsten and Fleisch, Elgar},
  journal={IEEE Pervasive Computing},
  number={1},
  pages={22--29},
  year={2009},
  publisher={IEEE}
}

@article{wark2009sensor,
  title={Sensor and actuator networks: protecting environmentally sensitive areas},
  author={Wark, Tim and Swain, Dave and Crossman, Chris and Valencia, Philip and Bishop-Hurley, Greg and Handcock, Rebecca},
  journal={Pervasive Computing, IEEE},
  volume={8},
  number={1},
  pages={30--36},
  year={2009},
  publisher={IEEE}
}

@article{cano2015persuasion,
  title={Persuasion technologique et Energie: revue critique de lâ€™{\'e}tat de lâ€™art},
  author={Cano, Gr{\'e}gory and Laurillau, Yann and Calvary, Ga{\"e}lle},
  journal={Journal d'Interaction Personne-Syst{\`e}me (JIPS)},
  volume={4},
  number={1},
  pages={48--68},
  year={2015}
}

// EnergyLife
@incollection{gamberini2012tailoring,
  title={Tailoring feedback to usersâ€™ actions in a persuasive game for household electricity conservation},
  author={Gamberini, Luciano and Spagnolli, Anna and Corradi, Nicola and Jacucci, Giulio and Tusa, Giovanni and Mikkola, Topi and Zamboni, Luca and Hoggan, Eve},
  booktitle={Persuasive Technology. Design for Health and Safety},
  pages={100--111},
  year={2012},
  publisher={Springer}
}
// PowerAdvisor
@inproceedings{kjeldskov2012using,
  title={Using mobile phones to support sustainability: a field study of residential electricity consumption},
  author={Kjeldskov, Jesper and Skov, Mikael B and Paay, Jeni and Pathmanathan, Rahuvaran},
  booktitle={Proceedings of the SIGCHI Conference on Human Factors in Computing Systems},
  pages={2347--2356},
  year={2012},
  organization={ACM}
}
// Limit Eco-feedback
@incollection{pereira2013understanding,
  title={Understanding the limitations of eco-feedback: A one-year long-term study},
  author={Pereira, Lucas and Quintal, Filipe and Barreto, Mary and Nunes, Nuno J},
  booktitle={Human-Computer Interaction and Knowledge Discovery in Complex, Unstructured, Big Data},
  pages={237--255},
  year={2013},
  publisher={Springer}
}
// Handy Feedback
@inproceedings{weiss2009handy,
  title={Handy feedback: Connecting smart meters with mobile phones},
  author={Weiss, Markus and Mattern, Friedemann and Graml, Tobias and Staake, Thorsten and Fleisch, Elgar},
  booktitle={Proceedings of the 8th international conference on mobile and ubiquitous multimedia},
  pages={15},
  year={2009},
  organization={ACM}
}
// Personnalized Eco-feedback
@inproceedings{petkov2012personalised,
  title={Personalised eco-feedback as a design technique for motivating energy saving behaviour at home},
  author={Petkov, Petromil and Goswami, Suparna and K{\"o}bler, Felix and Krcmar, Helmut},
  booktitle={Proceedings of the 7th Nordic Conference on Human-Computer Interaction: Making Sense Through Design},
  pages={587--596},
  year={2012},
  organization={ACM}
}
// Neighbourhood Wattch
@inproceedings{elsmore2010neighbourhood,
  title={Neighbourhood wattch-community based energy visualisation for the home},
  author={Elsmore, Chris and Wilson, Max L and Jones, Matt and Eslambolchilar, Parisa},
  booktitle={Nundge \& Influence Through Mobile Devices workshop (NIMD)},
  year={2010}
}
// PowerViz
@inproceedings{paay2014design,
  title={Design of an appliance level eco-feedback display for domestic electricity consumption},
  author={Paay, Jeni and Kjeldskov, Jesper and Skov, Mikael B and Lund, Dennis and Madsen, Tue and Nielsen, Michael},
  booktitle={Proceedings of the 26th Australian Computer-Human Interaction Conference on Designing Futures: the Future of Design},
  pages={332--341},
  year={2014},
  organization={ACM}
}
// Customisable dashboard
@inproceedings{medland2010curbing,
  title={Curbing paper wastage using flavoured feedback},
  author={Medland, Richard},
  booktitle={Proceedings of the 22nd Conference of the Computer-Human Interaction Special Interest Group of Australia on Computer-Human Interaction},
  pages={224--227},
  year={2010},
  organization={ACM}
}
// Abstract ambient
@article{rodgers2011exploring,
  title={Exploring ambient and artistic visualization for residential energy use feedback},
  author={Rodgers, Johnny and Bartram, Lyn},
  journal={Visualization and Computer Graphics, IEEE Transactions on},
  volume={17},
  number={12},
  pages={2489--2497},
  year={2011},
  publisher={IEEE}
}
// EnergyFigure
@inproceedings{costanza2012understanding,
  title={Understanding domestic energy consumption through interactive visualisation: a field study},
  author={Costanza, Enrico and Ramchurn, Sarvapali D and Jennings, Nicholas R},
  booktitle={Proceedings of the 2012 ACM Conference on Ubiquitous Computing},
  pages={216--225},
  year={2012},
  organization={ACM}
}

@article{coutaz2013essai,
  title={Essai sans pr{\'e}tention sur l'Interaction Homme-Machine et son {\'e}volution},
  author={Coutaz, Jo{\"e}lle},
  journal={Bulletin de la Soci{\'e}t{\'e} Informatique de France},
  number={1},
  pages={15--33},
  year={2013}
}

@article{norman1979descriptions,
  title={Descriptions: An intermediate stage in memory retrieval},
  author={Norman, Donald A and Bobrow, Daniel G},
  journal={Cognitive Psychology},
  volume={11},
  number={1},
  pages={107--123},
  year={1979},
  publisher={Elsevier}
}

@book{picard1997affective,
  title={Affective computing},
  author={Picard, Rosalind W and Picard, Roalind},
  volume={252},
  year={1997},
  publisher={MIT press Cambridge}
}

@article{blythe2003usability,
  title={From usability to enjoyment},
  author={Blythe, Mark A and Overbeeke, Kees and Monk, Andrew F and Wright, Peter C},
  journal={Human Computer Interaction Series},
  volume={3},
  year={2003}
}

@incollection{shneiderman2011technology,
  title={Technology-mediated social participation: the next 25 years of HCI challenges},
  author={Shneiderman, Ben},
  booktitle={Human-Computer Interaction. Design and Development Approaches},
  pages={3--14},
  year={2011},
  publisher={Springer}
}

@article{aarts2003new,
  title={The new everyday: Visions of ambient intelligence, 010 publishing},
  author={Aarts, Emile and Marzano, Stefano},
  journal={Rotterdam, The Netherlands},
  volume={116},
  year={2003}
}
@book{aart2006true,
  title={True Visions: The Emergence of Ambient Intelligence},
  author={Aart, Emile HL and Encarnacao, Jose L},
  year={2006},
  publisher={Springer-Verlag}
}
@article{aarts2001chapter,
  title={Chapter â€˜Ambient Intelligenceâ€™},
  author={Aarts, Emile and Harwig, Rick and Schuurmans, Maarten},
  journal={The Invisible Future: The Seamless Integration Of Technology Into Everyday Life},
  year={2001}
}
@article{weiser1991computer,
  title={The computer for the 21st century},
  author={Weiser, Mark},
  journal={Scientific american},
  volume={265},
  number={3},
  pages={94--104},
  year={1991},
  publisher={Nature Publishing Group}
}
@article{kaptein2010persuasion,
  title={Persuasion in ambient intelligence},
  author={Kaptein, Maurits Clemens and Markopoulos, Panos and de Ruyter, Boris and Aarts, Emile},
  journal={Journal of Ambient Intelligence and Humanized Computing},
  volume={1},
  number={1},
  pages={43--56},
  year={2010},
  publisher={Springer}
}
@article{fazio1993variability,
  title={Variability in the likelihood of automatic attitude activation: Data reanalysis and commentary on Bargh, Chaiken, Govender, and Pratto (1992).},
  author={Fazio, Russell H},
  year={1993},
  publisher={American Psychological Association}
}
@article{bargh1996automatic,
  title={The automatic evaluation effect: Unconditional automatic attitude activation with a pronunciation task},
  author={Bargh, John A and Chaiken, Shelly and Raymond, Paula and Hymes, Charles},
  journal={Journal of experimental social psychology},
  volume={32},
  number={1},
  pages={104--128},
  year={1996},
  publisher={Elsevier}
}
@article{fazio1995attitudes,
  title={Attitudes as object-evaluation associations: Determinants, consequences, and correlates of attitude accessibility},
  author={Fazio, Russell H},
  journal={Attitude strength: Antecedents and consequences},
  volume={4},
  pages={247--282},
  year={1995}
}

